<record><leader>00000cas a22000007a 4500</leader><controlfield tag="001">22742555</controlfield><controlfield tag="008">901127d19601960nyudn ne      0    0eng d</controlfield><datafield ind1=" " ind2=" " tag="010"><subfield code="a">sn 90066579 </subfield></datafield><datafield ind1=" " ind2=" " tag="040"><subfield code="a">NYS</subfield><subfield code="b">eng</subfield><subfield code="c">NYS</subfield><subfield code="d">OCLCQ</subfield></datafield><datafield ind1=" " ind2=" " tag="042"><subfield code="a">msc</subfield></datafield><datafield ind1="0" ind2="4" tag="245"><subfield code="a">The Binghamton sun and the daily bulletin.</subfield></datafield><datafield ind1=" " ind2=" " tag="260"><subfield code="a">Binghamton, N.Y. :</subfield><subfield code="b">Bernstein &amp; Milligan</subfield></datafield><datafield ind1=" " ind2=" " tag="300"><subfield code="a">v.</subfield></datafield><datafield ind1=" " ind2=" " tag="310"><subfield code="a">Daily (except Sunday)</subfield></datafield><datafield ind1="0" ind2=" " tag="362"><subfield code="a">138th year, no. 268 (Sept. 1, 1960)-138th year, no. 305 (Oct. 15, 1960).</subfield></datafield><datafield ind1=" " ind2="4" tag="651"><subfield code="a">Binghamton (N.Y.)</subfield><subfield code="v">Newspapers.</subfield></datafield><datafield ind1=" " ind2=" " tag="752"><subfield code="a">United States</subfield><subfield code="b">New York</subfield><subfield code="c">Broome</subfield><subfield code="d">Binghamton.</subfield></datafield><datafield ind1="0" ind2="4" tag="780"><subfield code="t">Binghamton sun (Binghamton, N.Y. : Daily)</subfield><subfield code="w">(DLC)sn 84020722</subfield></datafield><datafield ind1="0" ind2="4" tag="780"><subfield code="t">Daily bulletin (Endicott, N.Y.)</subfield><subfield code="w">(DLC)sn 90066578</subfield><subfield code="w">(OCoLC)22730639</subfield></datafield><datafield ind1="0" ind2="0" tag="785"><subfield code="t">Sun-bulletin (Binghamton, N.Y.)</subfield><subfield code="w">(DLC)sn 88084250</subfield></datafield><datafield ind1="1" ind2=" " tag="029"><subfield code="a">AU@</subfield><subfield code="b">000025871037</subfield></datafield></record>